% Пример оформления библиографии для ugost2003

% Книга
% Необходимые поля:
% - Название (title)
% - Автор(ы) (author, разделяются c помощью "and")
% - Город издательства (address)
% - Наименование издательства (publisher)
% - Год издания (year)
% - Общее кол-во страниц (numpages, опционально, либо везде ставить, либо нет)

@book{saratov-icpc,
  title      = {Чемпионат Юга и Поволжья России. Северная Евразия. 25 региональные соревнования командного чемпионата мира по программированию},
  author     = {А.Г. Фёдорова and Н.Л. Андреева},
  publisher  = {Издательство СГУ},
  address    = {Саратов},
  year       = {2022},
  language   = {russian},
}

% Электронный ресурс
% Необходимые поля:
% - URL (url)
% - Заголовок с экрана (title)
% - Дата обращения (urldate, не позднее официальной даты сдачи работы)
% - Язык заголовка с экрана (note)
% Для электронных ресурсов лучше оставлять language = {russian}
% вне зависимости от реального языка источника

@online{icpc-code-of-ethics,
  title={ICPC Code of Ethics and Overview},
  url = {https://icpc.global/compete/code-of-ethics/ICPC-Code-of-Ethics.pdf},
  urldate = {25.04.2025},
  note = {Загл. с экр. Яз. англ.},
  language = {russian}
}

@online{icpc-fact-sheet,
  title={ICPC Fact Sheet},
  url = {https://icpc.global/worldfinals/fact-sheet/ICPC-Fact-Sheet.pdf},
  urldate = {25.04.2025},
  note = {Загл. с экр. Яз. англ.},
  language = {russian}
}

@online{icpc-problems,
  title={The Problems},
  url = {https://icpc.global/compete/problems},
  urldate = {25.04.2025},
  note = {Загл. с экр. Яз. англ.},
  language = {russian}
}

@online{codeforces-scoring-system,
  title = {Everything about Codeforces scoring system},
  url = {https://codeforces.com/blog/entry/133094},
  urldate = {14.04.2025},
  note = {Загл. с экр. Яз. англ.},
  language = {russian}
}

@online{berland,
  title = {Берляндия?},
  url = {https://codeforces.com/blog/entry/57771},
  urldate = {13.04.2025},
  note = {Загл. с экр. Яз. рус.},
  language = {russian}
}

@online{codeforces-rating,
  title = {Рейтинг Codeforces [обновлён в октябре 2015]},
  url = {https://codeforces.com/blog/entry/20762?locale=ru},
  urldate = {25.04.2025},
  note = {Загл. с экр. Яз. рус.},
  language = {russian}
}

@online{ioi-russia,
  title = {Как российские информатики выиграли 4 золота на олимпиаде IOI в Египте},
  author = {А. Васильева},
  url = {https://siriusmag.ru/articles/2717-informatiki-v-egipte-kak-rossijskie-skolniki-zavoevali-zolotye-medali/},
  urldate = {26.04.2025},
  note = {Загл. с экр. Яз. рус.},
  language = {russian}
}

@online{interview-mirzayanov,
  title = {Основатель Codeforces Михаил Мирзаянов — о том, как крупнейшая площадка для соревнований по программированию изменилась за 10 лет},
  author = {К. Крылов},
  url = {https://news.itmo.ru/ru/science/it/news/9179/},
  urldate = {25.04.2025},
  note = {Загл. с экр. Яз. рус.},
  language = {russian}
}